<record xmlns='http://www.loc.gov/MARC21/slim'><leader>01314cim a22003732u 4500</leader><controlfield tag='001'>3601059</controlfield><controlfield tag='005'>20151214182756.0</controlfield><controlfield tag='007'>ss|lmnjluz|nuu</controlfield><controlfield tag='008'>991101s1984    nyunnn         l    eng d</controlfield><datafield ind1=' ' ind2=' ' tag='035'><subfield code='a'>(NIC)notisASF8124</subfield></datafield><datafield ind1=' ' ind2=' ' tag='035'><subfield code='a'>3601059</subfield></datafield><datafield ind1=' ' ind2=' ' tag='035'><subfield code='a'>(OCoLC)63896996</subfield></datafield><datafield ind1=' ' ind2=' ' tag='040'><subfield code='a'>NIC</subfield><subfield code='c'>NIC</subfield><subfield code='d'>NIC</subfield><subfield code='d'>NIC</subfield></datafield><datafield ind1='1' ind2=' ' tag='100'><subfield code='a'>Grundberg, Andy.</subfield></datafield><datafield ind1='1' ind2='0' tag='245'><subfield code='a'>Masking and unmasking of photography in post-modernism</subfield><subfield code='h'>[sound recording]</subfield></datafield><datafield ind1=' ' ind2=' ' tag='260'><subfield code='c'>1984.</subfield></datafield><datafield ind1=' ' ind2=' ' tag='300'><subfield code='a'>1 sound cassette (54 min.) :</subfield><subfield code='b'>analog, mono.</subfield></datafield><datafield ind1=' ' ind2=' ' tag='500'><subfield code='a'>Recorded in Ithaca, NY by Cornell University.</subfield></datafield><datafield ind1=' ' ind2=' ' tag='500'><subfield code='a'>Sponsored by: Art, Department of.</subfield></datafield><datafield ind1=' ' ind2=' ' tag='500'><subfield code='a'>Speaker(s): Grundberg is a visiting artist.</subfield></datafield><datafield ind1=' ' ind2=' ' tag='518'><subfield code='a'>Lecture, November 14, 1984.</subfield></datafield><datafield ind1=' ' ind2=' ' tag='520'><subfield code='a'>Grundberg defines postmodernism and describes its importance.</subfield></datafield><datafield ind1=' ' ind2='0' tag='650'><subfield code='a'>Arts, Modern</subfield><subfield code='y'>20th century.</subfield></datafield><datafield ind1=' ' ind2='0' tag='650'><subfield code='a'>Postmodernism.</subfield></datafield><datafield ind1=' ' ind2='0' tag='650'><subfield code='a'>Photography, Artistic.</subfield></datafield><datafield ind1=' ' ind2='0' tag='650'><subfield code='a'>Photography, Abstract.</subfield></datafield><datafield ind1=' ' ind2='7' tag='648'><subfield code='a'>1900 - 1999</subfield><subfield code='2'>fast</subfield></datafield><datafield ind1=' ' ind2='7' tag='650'><subfield code='a'>Arts, Modern</subfield><subfield code='2'>fast</subfield><subfield code='0'>(OCoLC)fst00818137</subfield></datafield><datafield ind1=' ' ind2='7' tag='650'><subfield code='a'>Photography, Abstract</subfield><subfield code='2'>fast</subfield><subfield code='0'>(OCoLC)fst01061962</subfield></datafield><datafield ind1=' ' ind2='7' tag='650'><subfield code='a'>Photography, Artistic</subfield><subfield code='2'>fast</subfield><subfield code='0'>(OCoLC)fst01061964</subfield></datafield><datafield ind1=' ' ind2='7' tag='650'><subfield code='a'>Postmodernism</subfield><subfield code='2'>fast</subfield><subfield code='0'>(OCoLC)fst01073164</subfield></datafield><datafield ind1='1' ind2=' ' tag='899'><subfield code='a'>CULectures</subfield></datafield><datafield ind1=' ' ind2=' ' tag='905'><subfield code='a'>20000121120000.0</subfield></datafield><datafield ind1='2' ind2=' ' tag='948'><subfield code='a'>20141221</subfield><subfield code='b'>m</subfield><subfield code='d'>batch</subfield><subfield code='e'>lts</subfield><subfield code='x'>addfast</subfield></datafield></record>